@Book{andrews,
  author = 	 {Peter Andrews},
  title = 	 {An Introduction to Mathematical Logic and Type Theory:
                  To Thruth Through Proof},
  publisher = 	 {Academic Press},
  year = 	 {1986}
}

@Manual{lm,
  key =          {Kestrel},
  title = 	 {{Specware} 4.2 Language Manual},
  organization = {Kestrel Institute and Kestrel Technology LLC},
  note = 	 {Available at \textsf{www.specware.org}}
}

@TechReport{pvs-seman,
  author =       {Sam Owre and
                  Natarajan Shankar},
  title =        {The Formal Semantics of {PVS}},
  institution =  {SRI International},
  year =         {1997},
  type =         {Technical Report},
  number =       {CSL--97--2R},
  month =        {August},
  note =         {Revised March 1999}
}

@Manual{hol,
  key =          {HOL},
  title =        {The {HOL} System Description},
  month =        {July},
  year =         {1997}
}

@Misc{semantics,
  author = 	 {Alessandro Coglio},
  title = 	 {The Semantics of {Metaslang}},
  note =         {To appear}
}
